<record><leader>00000cas a2200000 a 4500</leader><controlfield tag="001">30843450</controlfield><controlfield tag="008">940728d188318uuilumr ne      0   a0eng c</controlfield><datafield ind1=" " ind2=" " tag="010"><subfield code="a">sn 94054443 </subfield></datafield><datafield ind1=" " ind2=" " tag="040"><subfield code="a">NVF</subfield><subfield code="b">eng</subfield><subfield code="c">NVF</subfield><subfield code="d">OCLCQ</subfield><subfield code="d">NVF</subfield><subfield code="d">OCLCQ</subfield><subfield code="d">NVF</subfield><subfield code="d">DLC</subfield><subfield code="d">OCLCF</subfield><subfield code="d">OCLCO</subfield></datafield><datafield ind1=" " ind2=" " tag="019"><subfield code="a">33475739</subfield></datafield><datafield ind1="1" ind2=" " tag="029"><subfield code="a">AU@</subfield><subfield code="b">000025880330</subfield></datafield><datafield ind1=" " ind2=" " tag="042"><subfield code="a">pcc</subfield></datafield><datafield ind1=" " ind2=" " tag="043"><subfield code="a">n-us-il</subfield></datafield><datafield ind1="0" ind2="0" tag="245"><subfield code="a">D.M. Erskine, Jr.'s insurance and real estate journal.</subfield></datafield><datafield ind1=" " ind2=" " tag="260"><subfield code="a">Highland Park, Ill. :</subfield><subfield code="b">D.M. Erskine, Jr.,</subfield><subfield code="c">1883-[18--?]</subfield></datafield><datafield ind1=" " ind2=" " tag="300"><subfield code="a">v.</subfield></datafield><datafield ind1=" " ind2=" " tag="310"><subfield code="a">Monthly</subfield></datafield><datafield ind1="0" ind2=" " tag="362"><subfield code="a">Vol. 1, no. 1 (July 1883)-</subfield></datafield><datafield ind1=" " ind2=" " tag="588"><subfield code="a">Latest issue consulted: June 1884.</subfield></datafield><datafield ind1=" " ind2="0" tag="650"><subfield code="a">Homeowners insurance</subfield><subfield code="z">Illinois</subfield><subfield code="z">Highland Park</subfield><subfield code="v">Newspapers.</subfield></datafield><datafield ind1=" " ind2="0" tag="650"><subfield code="a">Real property</subfield><subfield code="z">Illinois</subfield><subfield code="z">Highland Park</subfield><subfield code="v">Newspapers.</subfield></datafield><datafield ind1=" " ind2="0" tag="651"><subfield code="a">Highland Park (Ill.)</subfield><subfield code="v">Newspapers.</subfield></datafield><datafield ind1=" " ind2="7" tag="655"><subfield code="a">Newspapers.</subfield><subfield code="2">fast</subfield><subfield code="0">(OCoLC)fst01423814</subfield></datafield><datafield ind1=" " ind2="7" tag="650"><subfield code="a">Homeowners insurance.</subfield><subfield code="2">fast</subfield><subfield code="0">(OCoLC)fst00959610</subfield></datafield><datafield ind1=" " ind2="7" tag="650"><subfield code="a">Real property.</subfield><subfield code="2">fast</subfield><subfield code="0">(OCoLC)fst01091096</subfield></datafield><datafield ind1=" " ind2="7" tag="651"><subfield code="a">Illinois</subfield><subfield code="z">Highland Park.</subfield><subfield code="2">fast</subfield><subfield code="0">(OCoLC)fst01209967</subfield></datafield><datafield ind1=" " ind2=" " tag="752"><subfield code="a">United States</subfield><subfield code="b">Illinois</subfield><subfield code="c">Lake</subfield><subfield code="d">Highland Park.</subfield></datafield></record>